@article {berenstein-zelevinsky,
    AUTHOR = {Berenstein, Arkady and Zelevinsky, Andrei},
     TITLE = {Quantum cluster algebras},
   JOURNAL = {Adv. Math.},
  FJOURNAL = {Advances in Mathematics},
    VOLUME = {195},
      YEAR = {2005},
    NUMBER = {2},
     PAGES = {405--455},
      ISSN = {0001-8708},
   MRCLASS = {20G42 (14M17 22E46)},
  MRNUMBER = {2146350},
MRREVIEWER = {Oleg V. Ogievetsky},
       URL = {https://doi.org/10.1016/j.aim.2004.08.003},
}

@article {brion,
    AUTHOR = {Michel Brion},
     TITLE = {Representations of quivers},
       URL = {https://www-fourier.ujf-grenoble.fr/~mbrion/notes_quivers_rev.pdf},
}

@article {buan-marsh-reineke-reiten-todorov,
    AUTHOR = {Buan, Aslak Bakke and Marsh, Robert and Reineke, Markus and
              Reiten, Idun and Todorov, Gordana},
     TITLE = {Tilting theory and cluster combinatorics},
   JOURNAL = {Adv. Math.},
  FJOURNAL = {Advances in Mathematics},
    VOLUME = {204},
      YEAR = {2006},
    NUMBER = {2},
     PAGES = {572--618},
      ISSN = {0001-8708},
   MRCLASS = {16G20 (16G70 16S99)},
  MRNUMBER = {2249625},
MRREVIEWER = {Lidia Angeleri H\"ugel},
       URL = {https://doi.org/10.1016/j.aim.2005.06.003},
}

@article {caldero-chapoton,
    AUTHOR = {Caldero, Philippe and Chapoton, Fr\'ed\'eric},
     TITLE = {Cluster algebras as {H}all algebras of quiver representations},
   JOURNAL = {Comment. Math. Helv.},
  FJOURNAL = {Commentarii Mathematici Helvetici. A Journal of the Swiss
              Mathematical Society},
    VOLUME = {81},
      YEAR = {2006},
    NUMBER = {3},
     PAGES = {595--616},
      ISSN = {0010-2571},
   MRCLASS = {16G20 (18E30)},
  MRNUMBER = {2250855},
       URL = {https://doi.org/10.4171/CMH/65},
}

@article {caldero-keller,
    AUTHOR = {Caldero, Philippe and Keller, Bernhard},
     TITLE = {From triangulated categories to cluster algebras},
   JOURNAL = {Invent. Math.},
  FJOURNAL = {Inventiones Mathematicae},
    VOLUME = {172},
      YEAR = {2008},
    NUMBER = {1},
     PAGES = {169--211},
      ISSN = {0020-9910},
   MRCLASS = {16G20 (13A99 16G10 17B20 18E30)},
  MRNUMBER = {2385670},
MRREVIEWER = {Dirk Kussin},
       URL = {https://doi.org/10.1007/s00222-008-0111-4},
}

@article {caldero-keller2,
    AUTHOR = {Caldero, Philippe and Keller, Bernhard},
     TITLE = {From triangulated categories to cluster algebras. {II}},
   JOURNAL = {Ann. Sci. \'Ecole Norm. Sup. (4)},
  FJOURNAL = {Annales Scientifiques de l'\'Ecole Normale Sup\'erieure. Quatri\`eme
              S\'erie},
    VOLUME = {39},
      YEAR = {2006},
    NUMBER = {6},
     PAGES = {983--1009},
      ISSN = {0012-9593},
   MRCLASS = {16G20 (18E30)},
  MRNUMBER = {2316979},
MRREVIEWER = {Apostolos D. Beligiannis},
       URL = {https://doi.org/10.1016/j.ansens.2006.09.003},
}

@article {cerulliirelli-keller-labardinifragoso-plamondon,
    AUTHOR = {Cerulli Irelli, Giovanni and Keller, Bernhard and
              Labardini-Fragoso, Daniel and Plamondon, Pierre-Guy},
     TITLE = {Linear independence of cluster monomials for skew-symmetric
              cluster algebras},
   JOURNAL = {Compos. Math.},
  FJOURNAL = {Compositio Mathematica},
    VOLUME = {149},
      YEAR = {2013},
    NUMBER = {10},
     PAGES = {1753--1764},
      ISSN = {0010-437X},
   MRCLASS = {13F60 (18E30)},
  MRNUMBER = {3123308},
MRREVIEWER = {Olga Kravchenko},
       URL = {https://doi.org/10.1112/S0010437X1300732X},
}

@article {demonet1,
    AUTHOR = {Demonet, Laurent},
     TITLE = {Categorification of skew-symmetrizable cluster algebras},
   JOURNAL = {Algebr. Represent. Theory},
  FJOURNAL = {Algebras and Representation Theory},
    VOLUME = {14},
      YEAR = {2011},
    NUMBER = {6},
     PAGES = {1087--1162},
      ISSN = {1386-923X},
   MRCLASS = {13F60 (16G10 16G20 17B35 17B67 18E10)},
  MRNUMBER = {2844757},
MRREVIEWER = {Gregoire Dupont},
       URL = {https://doi.org/10.1007/s10468-010-9228-4},
}

@article {demonet2,
    AUTHOR = {Demonet, Laurent},
     TITLE = {Mutations of group species with potentials and their representations. Applications to cluster algebras.},
      YEAR = {2010},
       URL = {https://arxiv.org/pdf/1003.5078.pdf},
}

@article {derksen-weyman-zelevinsky,
    AUTHOR = {Derksen, Harm and Weyman, Jerzy and Zelevinsky, Andrei},
     TITLE = {Quivers with potentials and their representations. {I}.
              {M}utations},
   JOURNAL = {Selecta Math. (N.S.)},
  FJOURNAL = {Selecta Mathematica. New Series},
    VOLUME = {14},
      YEAR = {2008},
    NUMBER = {1},
     PAGES = {59--119},
      ISSN = {1022-1824},
   MRCLASS = {16G10 (13F60 16G20 16S38)},
  MRNUMBER = {2480710},
MRREVIEWER = {M\'aty\'as Domokos},
       URL = {https://doi.org/10.1007/s00029-008-0057-9},
}

@article {dlab-ringel,
    AUTHOR = {Dlab, Vlastimil and Ringel, Claus Michael},
     TITLE = {Indecomposable representations of graphs and algebras},
   JOURNAL = {Mem. Amer. Math. Soc.},
  FJOURNAL = {Memoirs of the American Mathematical Society},
    VOLUME = {6},
      YEAR = {1976},
    NUMBER = {173},
     PAGES = {v+57},
      ISSN = {0065-9266},
   MRCLASS = {16A64},
  MRNUMBER = {0447344},
MRREVIEWER = {Ju. A. Drozd},
       URL = {https://doi.org/10.1090/memo/0173},
}

@incollection {FZ03,
    AUTHOR = {Fomin, Sergey and Zelevinsky, Andrei},
     TITLE = {Cluster algebras: notes for the {CDM}-03 conference},
 BOOKTITLE = {Current developments in mathematics, 2003},
     PAGES = {1--34},
 PUBLISHER = {Int. Press, Somerville, MA},
      YEAR = {2003},
   MRCLASS = {05E15 (14M15 22E46)},
  MRNUMBER = {2132323},
MRREVIEWER = {Marius T\u arn\u auceanu},
}

@article {fomin-zelevinsky4,
    AUTHOR = {Fomin, Sergey and Zelevinsky, Andrei},
     TITLE = {Cluster algebras. {IV}. {C}oefficients},
   JOURNAL = {Compos. Math.},
  FJOURNAL = {Compositio Mathematica},
    VOLUME = {143},
      YEAR = {2007},
    NUMBER = {1},
     PAGES = {112--164},
      ISSN = {0010-437X},
   MRCLASS = {16S99 (05E15 14M17 22E46)},
  MRNUMBER = {2295199},
MRREVIEWER = {Christof Gei\ss },
       URL = {https://doi.org/10.1112/S0010437X06002521},
}

@article {marsh-reineke-zelevinsky,
    AUTHOR = {Marsh, Robert and Reineke, Markus and Zelevinsky, Andrei},
     TITLE = {Generalized associahedra via quiver representations},
   JOURNAL = {Trans. Amer. Math. Soc.},
  FJOURNAL = {Transactions of the American Mathematical Society},
    VOLUME = {355},
      YEAR = {2003},
    NUMBER = {10},
     PAGES = {4171--4186},
      ISSN = {0002-9947},
   MRCLASS = {52B11 (05E15 16G20 17B20 17B37)},
  MRNUMBER = {1990581},
MRREVIEWER = {Ivan Arzhantsev},
       URL = {https://doi.org/10.1090/S0002-9947-03-03320-8},
}

@incollection {NZ12,
    AUTHOR = {Nakanishi, Tomoki and Zelevinsky, Andrei},
     TITLE = {On tropical dualities in cluster algebras},
 BOOKTITLE = {Algebraic groups and quantum groups},
    SERIES = {Contemp. Math.},
    VOLUME = {565},
     PAGES = {217--226},
 PUBLISHER = {Amer. Math. Soc., Providence, RI},
      YEAR = {2012},
   MRCLASS = {13F60},
  MRNUMBER = {2932428},
MRREVIEWER = {Yu Zhou},
       URL = {https://doi.org/10.1090/conm/565/11159},
}

@article {qin,
    AUTHOR = {Qin, Fan},
     TITLE = {Quantum cluster variables via {S}erre polynomials},
      NOTE = {With an appendix by Bernhard Keller},
   JOURNAL = {J. Reine Angew. Math.},
  FJOURNAL = {Journal f\"ur die Reine und Angewandte Mathematik. [Crelle's
              Journal]},
    VOLUME = {668},
      YEAR = {2012},
     PAGES = {149--190},
      ISSN = {0075-4102},
   MRCLASS = {13F60 (81R50)},
  MRNUMBER = {2948875},
MRREVIEWER = {Kyungyong Lee},
}

@article {reading-speyer,
    AUTHOR = {Reading, Nathan and Speyer, David E.},
     TITLE = {Combinatorial frameworks for cluster algebras},
   JOURNAL = {Int. Math. Res. Not. IMRN},
  FJOURNAL = {International Mathematics Research Notices. IMRN},
      YEAR = {2016},
    NUMBER = {1},
     PAGES = {109--173},
      ISSN = {1073-7928},
   MRCLASS = {13F60 (05C25)},
  MRNUMBER = {3514060},
MRREVIEWER = {Gustavo Jasso},
       URL = {https://doi.org/10.1093/imrn/rnv101},
}

@article {reading-stella,
    AUTHOR = {Reading, Nathan and Stella, Salvatore},
     TITLE = {Initial-seed recursions and dualities for d-vectors},
   JOURNAL = {Pacific J. Math.},
  FJOURNAL = {Pacific Journal of Mathematics},
    VOLUME = {293},
      YEAR = {2018},
    NUMBER = {1},
     PAGES = {179--206},
      ISSN = {0030-8730},
   MRCLASS = {13F60},
  MRNUMBER = {3724242},
       URL = {https://doi.org/10.2140/pjm.2018.293.179},
}

@article {rupel1,
    AUTHOR = {Rupel, Dylan},
     TITLE = {On a quantum analog of the {C}aldero-{C}hapoton formula},
   JOURNAL = {Int. Math. Res. Not. IMRN},
  FJOURNAL = {International Mathematics Research Notices. IMRN},
      YEAR = {2011},
    NUMBER = {14},
     PAGES = {3207--3236},
      ISSN = {1073-7928},
   MRCLASS = {13F60 (16G20)},
  MRNUMBER = {2817677},
MRREVIEWER = {Kyungyong Lee},
       URL = {https://doi.org/10.1093/imrn/rnq192},
}

@article {rupel2,
    AUTHOR = {Rupel, Dylan},
     TITLE = {Quantum cluster characters for valued quivers},
   JOURNAL = {Trans. Amer. Math. Soc.},
  FJOURNAL = {Transactions of the American Mathematical Society},
    VOLUME = {367},
      YEAR = {2015},
    NUMBER = {10},
     PAGES = {7061--7102},
      ISSN = {0002-9947},
   MRCLASS = {16G20 (13F60 16G70)},
  MRNUMBER = {3378824},
MRREVIEWER = {Xueqing Chen},
       URL = {https://doi.org/10.1090/S0002-9947-2015-06251-5},
}

@ARTICLE{wolf,
   author = {{Wolf}, S.},
    title = "{A geometric version of BGP reflection functors}",
  journal = {ArXiv e-prints},
archivePrefix = "arXiv",
   eprint = {0908.4244},
 primaryClass = "math.RT",
 keywords = {Mathematics - Representation Theory, Mathematics - Algebraic Geometry, 16G20, 14L30},
     year = 2009,
    month = aug,
   adsurl = {http://adsabs.harvard.edu/abs/2009arXiv0908.4244W},
  adsnote = {Provided by the SAO/NASA Astrophysics Data System}
}

@article {happel-rickard-schofield,
    AUTHOR = {Happel, Dieter and Rickard, Jeremy and Schofield, Aidan},
     TITLE = {Piecewise hereditary algebras},
   JOURNAL = {Bull. London Math. Soc.},
  FJOURNAL = {The Bulletin of the London Mathematical Society},
    VOLUME = {20},
      YEAR = {1988},
    NUMBER = {1},
     PAGES = {23--28},
      ISSN = {0024-6093},
   MRCLASS = {16A64},
  MRNUMBER = {916069},
MRREVIEWER = {Hagen Meltzer},
       URL = {https://doi.org/10.1112/blms/20.1.23},
}

