@article {berenstein-zelevinsky,
    AUTHOR = {Berenstein, Arkady and Zelevinsky, Andrei},
     TITLE = {Quantum cluster algebras},
   JOURNAL = {Adv. Math.},
  FJOURNAL = {Advances in Mathematics},
    VOLUME = {195},
      YEAR = {2005},
    NUMBER = {2},
     PAGES = {405--455},
       URL = {https://doi.org/10.1016/j.aim.2004.08.003},
    EPRINT = {math.QA/0404446},
}

@article {buan-marsh-reineke-reiten-todorov,
    AUTHOR = {Buan, Aslak Bakke and Marsh, Robert and Reineke, Markus and
              Reiten, Idun and Todorov, Gordana},
     TITLE = {Tilting theory and cluster combinatorics},
   JOURNAL = {Adv. Math.},
  FJOURNAL = {Advances in Mathematics},
    VOLUME = {204},
      YEAR = {2006},
    NUMBER = {2},
     PAGES = {572--618},
       URL = {https://doi.org/10.1016/j.aim.2005.06.003},
    EPRINT = {math.RT/0402054},
}

@article {caldero-chapoton,
    AUTHOR = {Caldero, Philippe and Chapoton, Fr\'{e}d\'{e}ric},
     TITLE = {Cluster algebras as {H}all algebras of quiver representations},
   JOURNAL = {Comment. Math. Helv.},
  FJOURNAL = {Commentarii Mathematici Helvetici. A Journal of the Swiss
              Mathematical Society},
    VOLUME = {81},
      YEAR = {2006},
    NUMBER = {3},
     PAGES = {595--616},
       URL = {https://doi.org/10.4171/CMH/65},
    EPRINT = {math.RT/0410187},
}

@article {caldero-chapoton-schiffler,
    AUTHOR = {Caldero, P. and Chapoton, F. and Schiffler, R.},
     TITLE = {Quivers with relations arising from clusters ({$A_n$} case)},
   JOURNAL = {Trans. Amer. Math. Soc.},
  FJOURNAL = {Transactions of the American Mathematical Society},
    VOLUME = {358},
      YEAR = {2006},
    NUMBER = {3},
     PAGES = {1347--1364},
       URL = {https://doi.org/10.1090/S0002-9947-05-03753-0},
    EPRINT = {math.RT/0401316},
}

@article {caldero-keller2,
    AUTHOR = {Caldero, Philippe and Keller, Bernhard},
     TITLE = {From triangulated categories to cluster algebras.~{II}},
   JOURNAL = {Ann. Sci. \'{E}cole Norm. Sup.~(4)},
  FJOURNAL = {Annales Scientifiques de l'\'{E}cole Normale Sup\'{e}rieure. Quatri\`eme
              S\'{e}rie},
    VOLUME = {39},
      YEAR = {2006},
    NUMBER = {6},
     PAGES = {983--1009},
       URL = {https://doi.org/10.1016/j.ansens.2006.09.003},
    EPRINT = {math.RT/0510251},
}

@article {caldero-keller,
    AUTHOR = {Caldero, Philippe and Keller, Bernhard},
     TITLE = {From triangulated categories to cluster algebras},
   JOURNAL = {Invent. Math.},
  FJOURNAL = {Inventiones Mathematicae},
    VOLUME = {172},
      YEAR = {2008},
    NUMBER = {1},
     PAGES = {169--211},
       URL = {https://doi.org/10.1007/s00222-008-0111-4},
    EPRINT = {math.RT/0506018},
}

@mics {demonet2,
    AUTHOR = {Demonet, Laurent},
     TITLE = {Mutations of group species with potentials and their representations. Applications to cluster algebras},
    EPRINT = {1003.5078},
}

@article {demonet1,
    AUTHOR = {Demonet, Laurent},
     TITLE = {Categorification of skew-symmetrizable cluster algebras},
   JOURNAL = {Algebr. Represent. Theory},
  FJOURNAL = {Algebras and Representation Theory},
    VOLUME = {14},
      YEAR = {2011},
    NUMBER = {6},
     PAGES = {1087--1162},
       URL = {https://doi.org/10.1007/s10468-010-9228-4},
    EPRINT = {0909.1633},
}

@article {derksen-weyman-zelevinsky,
    AUTHOR = {Derksen, Harm and Weyman, Jerzy and Zelevinsky, Andrei},
     TITLE = {Quivers with potentials and their representations. {I}.~{M}utations},
   JOURNAL = {Selecta Math.~(N.S.)},
  FJOURNAL = {Selecta Mathematica. New Series},
    VOLUME = {14},
      YEAR = {2008},
    NUMBER = {1},
     PAGES = {59--119},
       URL = {https://doi.org/10.1007/s00029-008-0057-9},
    EPRINT = {0704.0649},
}

@article {dlab-ringel,
    AUTHOR = {Dlab, Vlastimil and Ringel, Claus Michael},
     TITLE = {Indecomposable representations of graphs and algebras},
   JOURNAL = {Mem. Amer. Math. Soc.},
  FJOURNAL = {Memoirs of the American Mathematical Society},
    VOLUME = {6},
      YEAR = {1976},
    NUMBER = {173},
     PAGES = {v+57~pages},
       URL = {https://doi.org/10.1090/memo/0173},
}

@incollection {FZ03,
    AUTHOR = {Fomin, Sergey and Zelevinsky, Andrei},
     TITLE = {Cluster algebras: notes for the {CDM}-03 conference},
 BOOKTITLE = {Current Developments in Mathematics, 2003},
     PAGES = {1--34},
 PUBLISHER = {Int. Press, Somerville, MA},
      YEAR = {2003},
    EPRINT = {math.RT/0311493},
}

@article {fomin-zelevinsky4,
    AUTHOR = {Fomin, Sergey and Zelevinsky, Andrei},
     TITLE = {Cluster algebras. {IV}.~{C}oefficients},
   JOURNAL = {Compos. Math.},
  FJOURNAL = {Compositio Mathematica},
    VOLUME = {143},
      YEAR = {2007},
    NUMBER = {1},
     PAGES = {112--164},
       URL = {https://doi.org/10.1112/S0010437X06002521},
    EPRINT = {math.RA/0602259},
}

@article {geiss-leclerc-schroer,
    AUTHOR = {Geiss, Christof and Leclerc, Bernard and Schr\"{o}er, Jan},
     TITLE = {Semicanonical bases and preprojective algebras},
   JOURNAL = {Ann. Sci. \'{E}cole Norm. Sup.~(4)},
  FJOURNAL = {Annales Scientifiques de l'\'{E}cole Normale Sup\'{e}rieure. Quatri\`eme
              S\'{e}rie},
    VOLUME = {38},
      YEAR = {2005},
    NUMBER = {2},
     PAGES = {193--253},
       URL = {https://doi.org/10.1016/j.ansens.2004.12.001},
    EPRINT = {math.RT/0402448},
}

@book {gekhtman-shapiro-vainshtein,
    AUTHOR = {Gekhtman, Michael and Shapiro, Michael and Vainshtein, Alek},
     TITLE = {Cluster algebras and {P}oisson geometry},
    SERIES = {Mathematical Surveys and Monographs},
    VOLUME = {167},
 PUBLISHER = {Amer. Math. Soc., Providence, RI},
      YEAR = {2010},
     PAGES = {xvi+246},
       URL = {https://doi.org/10.1090/surv/167},
}

@article {happel-rickard-schofield,
    AUTHOR = {Happel, Dieter and Rickard, Jeremy and Schofield, Aidan},
     TITLE = {Piecewise hereditary algebras},
   JOURNAL = {Bull. London Math. Soc.},
  FJOURNAL = {The Bulletin of the London Mathematical Society},
    VOLUME = {20},
      YEAR = {1988},
    NUMBER = {1},
     PAGES = {23--28},
       URL = {https://doi.org/10.1112/blms/20.1.23},
}

@article {happel-ringel,
    AUTHOR = {Happel, Dieter and Ringel, Claus Michael},
     TITLE = {Tilted algebras},
   JOURNAL = {Trans. Amer. Math. Soc.},
  FJOURNAL = {Transactions of the American Mathematical Society},
    VOLUME = {274},
      YEAR = {1982},
    NUMBER = {2},
     PAGES = {399--443},
       URL = {https://doi.org/10.2307/1999116},
}

@article {hohlweg-pilaud-stella,
    AUTHOR = {Hohlweg, Christophe and Pilaud, Vincent and Stella, Salvatore},
     TITLE = {Polytopal realizations of finite type {${\bf g}$}-vector
              fans},
   JOURNAL = {Adv. Math.},
  FJOURNAL = {Advances in Mathematics},
    VOLUME = {328},
      YEAR = {2018},
     PAGES = {713--749},
       URL = {https://doi.org/10.1016/j.aim.2018.01.019},
    EPRINT = {1703.09551},
}

@article {iyama-yoshino,
    AUTHOR = {Iyama, Osamu and Yoshino, Yuji},
     TITLE = {Mutation in triangulated categories and rigid
              {C}ohen--{M}acaulay modules},
   JOURNAL = {Invent. Math.},
  FJOURNAL = {Inventiones Mathematicae},
    VOLUME = {172},
      YEAR = {2008},
    NUMBER = {1},
     PAGES = {117--168},
       URL = {https://doi.org/10.1007/s00222-007-0096-4},
    EPRINT = {math.RT/0607736},
}

@incollection {keller,
    AUTHOR = {Keller, Bernhard},
     TITLE = {Cluster algebras, quiver representations and triangulated categories},
 BOOKTITLE = {Triangulated Categories},
    SERIES = {London Math. Soc. Lecture Note Ser.},
    VOLUME = {375},
     PAGES = {76--160},
 PUBLISHER = {Cambridge University Press, Cambridge},
      YEAR = {2010},
    EPRINT = {0807.1960},
}

@article {labardini-zelevinsky,
    AUTHOR = {Labardini-Fragoso, Daniel and Zelevinsky, Andrei},
     TITLE = {Strongly primitive species with potentials {I}: mutations},
   JOURNAL = {Bol. Soc. Mat. Mex.},
  FJOURNAL = {Bolet\'{\i}n de la Sociedad Matem\'{a}tica Mexicana. Third Series},
    VOLUME = {22},
      YEAR = {2016},
    NUMBER = {1},
     PAGES = {47--115},
       URL = {https://doi.org/10.1007/s40590-015-0063-9},
    EPRINT = {1306.3495},
}

@article {marsh-reineke-zelevinsky,
    AUTHOR = {Marsh, Robert and Reineke, Markus and Zelevinsky, Andrei},
     TITLE = {Generalized associahedra via quiver representations},
   JOURNAL = {Trans. Amer. Math. Soc.},
  FJOURNAL = {Transactions of the American Mathematical Society},
    VOLUME = {355},
      YEAR = {2003},
    NUMBER = {10},
     PAGES = {4171--4186},
       URL = {https://doi.org/10.1090/S0002-9947-03-03320-8},
    EPRINT = {math.RT/0205152},
}

@article {palu,
    AUTHOR = {Palu, Yann},
     TITLE = {Cluster characters for 2-{C}alabi--{Y}au triangulated
              categories},
   JOURNAL = {Ann. Inst. Fourier (Grenoble)},
  FJOURNAL = {Universit\'{e} de Grenoble. Annales de l'Institut Fourier},
    VOLUME = {58},
      YEAR = {2008},
    NUMBER = {6},
     PAGES = {2221--2248},
       URL = {https://doi.org/10.5802/aif.2412},
    EPRINT = {math.RT/0703540},
}

@article {plamondon,
    AUTHOR = {Plamondon, Pierre-Guy},
     TITLE = {Cluster characters for cluster categories with
              infinite-dimensional morphism spaces},
   JOURNAL = {Adv. Math.},
  FJOURNAL = {Advances in Mathematics},
    VOLUME = {227},
      YEAR = {2011},
    NUMBER = {1},
     PAGES = {1--39},
       URL = {https://doi.org/10.1016/j.aim.2010.12.010},
    EPRINT = {1002.4956},
}

@article {qin,
    AUTHOR = {Qin, Fan},
     TITLE = {Quantum cluster variables via {S}erre polynomials},
      NOTE = {With an appendix by Bernhard Keller},
   JOURNAL = {J.~Reine Angew. Math.},
  FJOURNAL = {Journal f\"{u}r die Reine und Angewandte Mathematik. [Crelle's
              Journal]},
    VOLUME = {668},
      YEAR = {2012},
     PAGES = {149--190},
       URL = {https://doi.org/10.1515/CRELLE.2011.129},
    EPRINT = {1004.4171},
}

@article {reading-speyer,
    AUTHOR = {Reading, Nathan and Speyer, David E.},
     TITLE = {Combinatorial frameworks for cluster algebras},
   JOURNAL = {Int. Math. Res. Not.},
  FJOURNAL = {International Mathematics Research Notices. IMRN},
    VOLUME = {2016},
      YEAR = {2016},
    NUMBER = {1},
     PAGES = {109--173},
       URL = {https://doi.org/10.1093/imrn/rnv101},
    EPRINT = {1111.2652},
}

@article {reading-stella,
    AUTHOR = {Reading, Nathan and Stella, Salvatore},
     TITLE = {Initial-seed recursions and dualities for {$d$}-vectors},
   JOURNAL = {Pacific~J. Math.},
  FJOURNAL = {Pacific Journal of Mathematics},
    VOLUME = {293},
      YEAR = {2018},
    NUMBER = {1},
     PAGES = {179--206},
       URL = {https://doi.org/10.2140/pjm.2018.293.179},
    EPRINT = {1409.4723},
}

@article {reading-stella-2,
    AUTHOR = {Reading, Nathan and Stella, Salvatore},
     TITLE = {An affine almost positive roots model},
   JOURNAL = {J.~Comb. Algebra},
  FJOURNAL = {Journal of Combinatorial Algebra},
      NOTE = {{t}o appear},
    EPRINT = {1707.00340},
}

@article {rupel1,
    AUTHOR = {Rupel, Dylan},
     TITLE = {On a quantum analog of the {C}aldero--{C}hapoton formula},
   JOURNAL = {Int. Math. Res. Not.},
  FJOURNAL = {International Mathematics Research Notices. IMRN},
    VOLUME = {2011},
      YEAR = {2011},
    NUMBER = {14},
     PAGES = {3207--3236},
       URL = {https://doi.org/10.1093/imrn/rnq192},
}

@article {rupel2,
    AUTHOR = {Rupel, Dylan},
     TITLE = {Quantum cluster characters for valued quivers},
   JOURNAL = {Trans. Amer. Math. Soc.},
  FJOURNAL = {Transactions of the American Mathematical Society},
    VOLUME = {367},
      YEAR = {2015},
    NUMBER = {10},
     PAGES = {7061--7102},
       URL = {https://doi.org/10.1090/S0002-9947-2015-06251-5},
    EPRINT = {1109.6694},
}

@article {rupel-stella-williams,
    AUTHOR = {Rupel, Dylan and Stella, Salvatore and Williams, Harold},
     TITLE = {Affine cluster monomials are generalized minors},
   JOURNAL = {Compos. Math.},
  FJOURNAL = {Compositio Mathematica},
    VOLUME = {155},
      YEAR = {2019},
    NUMBER = {7},
     PAGES = {1301--1326},
       URL = {https://doi.org/10.1112/s0010437x19007292},
    EPRINT = {1712.09143},
}
